@inproceedings{Branke2012MetaoptimizationFP,
  title={Meta-optimization for parameter tuning with a flexible computing budget},
  author={J{\"{u}rgen Branke and Jawad Elomari}},
  booktitle={GECCO},
  year={2012}
  }
  
@article{Deb2002AFA,
  title={A fast and elitist multiobjective genetic algorithm: NSGA-II},
  author={Kalyanmoy Deb and Samir Agrawal and Amrit Pratap and T. Meyarivan},
  journal={IEEE Trans. Evolutionary Computation},
  year={2002},
  volume={6},
  pages={182-197}
}

@inproceedings{Dro2009UsingPF,
  title={Using performance fronts for parameter setting of stochastic metaheuristics},
  author={Johann Dr{\'e}o},
  booktitle={GECCO},
  year={2009}
}

@inproceedings{Hutter2007AutomaticAC,
  title={Automatic Algorithm Configuration Based on Local Search},
  author={Frank Hutter and Holger H. Hoos and Thomas St{\"{u}tzle}},
  booktitle={AAAI},
  year={2007}
}

@article{Myers2001EmpiricalMO,
  title={Empirical Modelling of Genetic Algorithms},
  author={Richard Myers and Edwin R. Hancock},
  journal={Evolutionary computation},
  year={2001},
  volume={9 4},
  pages={461-93}
}

@inproceedings{LpezIbez2011TheIP,
  title={The irace Package: Iterated Racing for Automatic Algorithm Configuration},
  author={Manuel L{\'o}pez-Ib{\'a}{\~n}ez and J{\'e}r{\'e}mie Dubois-Lacoste and Thomas St{\"{u}tzle and Mauro Birattari}},
  year={2011}
}

@inproceedings{Cceres2014AnAO,
  title={An Analysis of Parameters of irace},
  author={Leslie P{\'e}rez C{\'a}ceres and Manuel L{\'o}pez-Ib{\'a}{\~n}ez and Thomas St{\"{u}tzle}},
  booktitle={EvoCOP},
  year={2014}
}

@inproceedings{Smit2010AnMM,
  title={An MOEA-based Method to Tune EA Parameters on Multiple Objective Functions},
  author={Selmar K. Smit and A. E. Eiben and Zolt{\'a}n Szl{\'a}vik},
  booktitle={IJCCI},
  year={2010}
}

@article{Montero2014ABG,
  title={A beginner's guide to tuning methods},
  author={Elizabeth Montero and Mar{\'i}a Cristina Riff and Bertrand Neveu},
  journal={Appl. Soft Comput.},
  year={2014},
  volume={17},
  pages={39-51}
}

@inproceedings{Riff2013ANA,
  title={A new algorithm for reducing metaheuristic design effort},
  author={Mar{\'i}a Cristina Riff and Elizabeth Montero},
  booktitle={IEEE Congress on Evolutionary Computation},
  year={2013}
}

@article{MercerSampson72,
author = {R.E. MERCER and J.R. SAMPSON},
title = {ADAPTIVE SEARCH USING A REPRODUCTIVE METAâPLAN},
journal = {Kybernetes},
volume = {7},
number = {3},
pages = {215-228},
year = {1978},
doi = {10.1108/eb005486},
}


@inproceedings{Birattari2002ARA,
  title={A Racing Algorithm for Configuring Metaheuristics},
  author={Mauro Birattari and Thomas St{\"{u}tzle and Lu{\'i}s Paquete and Klaus Varrentrapp}},
  booktitle={GECCO},
  year={2002}
}

@inproceedings{Nannen2007RelevanceEA,
  title={Relevance Estimation and Value Calibration of Evolutionary Algorithm Parameters},
  author={Volker Nannen and A. E. Eiben},
  booktitle={IJCAI},
  year={2007}
}

@inproceedings{BartzBeielstein2005SequentialPO,
  title={Sequential parameter optimization},
  author={Thomas Bartz-Beielstein and Christian Lasarczyk and Mike Preuss},
  booktitle={Congress on Evolutionary Computation},
  year={2005}
}

@inproceedings{Schoenauer2006DivideandEvolveAN,
  title={Divide-and-Evolve: a New Memetic Scheme for Domain-Independent Temporal Planning},
  author={Marc Schoenauer and Pierre Sav{\'e}ant and Vincent Vidal},
  booktitle={EvoCOP},
  year={2006}
}

@article{Pelikan2002ASO,
  title={A Survey of Optimization by Building and Using Probabilistic Models},
  author={Martin Pelikan and David E. Goldberg and Fernando G. Lobo},
  journal={Comp. Opt. and Appl.},
  year={2002},
  volume={21},
  pages={5-20}
}

@inproceedings{LpezIbez2011TheIP,
  title={The irace Package: Iterated Race for Automatic Algorithm Configuration},
  author={Manuel L{\'o}pez-Ib{\'a}{\~n}ez and J{\'e}r{\'e}mie Dubois-Lacoste and Thomas St{\"{u}tzle and Mauro Birattari}},
  year={2011}
}